
@article{2014airlines,
 author = "Joel Siegfried",
 title = {"Airlines May Charge Fat People Higher Fares"},
 journal = "{Examiner}. com. {Web}",
 volume = "17",
 month = mar,
 year = 2014
}

//Design Requirements

@misc{embraer_struct,
 author = "",
 title = ""Embraer - Commercial Aviation",
 journal = "" {E}170. {Web}",
 volume = "17",
 month = mar,
 year = 2014
}


@article{powerwheelchair,
 author = "Joel Siegfried",
 title = {"Power Wheelchair | Invacare Pronto M94 | Heavy Duty"},
 journal = "{Sherman Oaks Medical}",
 month = mar,
 year = 2014,
 url = "https://www.shermanoaksmedical.com/M94\_p/m94-invacare.htm"
}

//Design Development
@article{hotel_pod,
 title = {"Pod Hotel"},
 journal = "{Musings from the Coast RSS}",
 month = mar,
 year = 2014,
 url = {http://montaraventures.com/blog/2008/06/08/pod-hotel/}
}


@article{blue_vertical,
 title = {"The future of air travel – are you sitting comfortably?"},
 journal = "{Gizmag}",
 month = mar,
 year = 2014,
 url = {http://www.gizmag.com/future-of-air-travel-comfortable-seating/17751/}
}

@article{purple_vertical,
 title = {"POD Airplane Seats"},
 journal = "{Leading Edge Aviation Insurance}",
 month = mar,
 year = 2014,
 url = {http://www.aviationinsurors.com/chair.html}
}

@article{vertical_seating,
 author = "Daily Mail Reporter",
 title = {"Think flying economy is bad now? New aircraft design puts passengers face-to-face in rows for budget travel"},
 journal = "{Daily Mail Online}",
 month = mar,
 year = 2014,
 url = {http://www.dailymail.co.uk/news/article-1215081/Packed-like-sardines-New-aircraft-design-plans-seat-passengers-face-face.html}
}


@article{correct_height,
 journal = "{New Zealand Standards: Design for Access and Mobility – Buildings and Associated Facilities}",
 month = mar,
 year = 2014,
 url = {https://law.resource.org/pub/nz/ibr/nzs.4121.2001.svg.html}
}


@article{vertical_luggage,
 author = "Katie Johnston Chase",
 title = {"Taking airline seat configurations vertical"},
 journal = "{Boston.com}",
 month = mar,
 year = 2014,
 url = {http://www.boston.com/business/articles/2009/06/15/taking_airline_seat_configurations_vertical/}
}


@article{harness,
 title = {"Bath seat PVC"},
 journal = "{Handi-Move}",
 month = mar,
 year = 2014,
 url = {http://www.handimove.com/en/products/bath-seat-pvc/}
}


@article{walker,
 title = {"Sara Stedy Seated Transfer Device [ NTB2000 ] "},
 journal = "{Mobility Express}",
 month = mar,
 year = 2014,
 url = {http://mobilityexpress.com/Sara-Stedy-Seated-Transfer-Device_1154.htm}
}

@article{trailblazers,
 author = "Trailblazers",
 title = {"Up in the Air"},
 journal = "{Inclusion Now}",
 volume = "10",
 month = mar,
 year = 2014,
 url = {http://www.mdctrailblazers.org/assets/0000/8262/Trailblazers_AirlineReport_WEB.pdf}
}



@article{broken_wheelchair,
 author = "Jeanette Pavini, Special for USA TODAY",
 title = {" Airlines mishandle wheelchairs, strand disabled"},
 journal = "{USA Today}",
 month = mar,
 year = 2014,
 url = {http://www.usatoday.com/story/money/business/2013/10/18/disabled-wheelchair-airlines-damage-air-carriers-access-act/2962483/
}
}

@article{armrest_controls1,
 title = {" Swiss Airlines Business Class Review: Bangkok-Zurich"},
 journal = "{TravelSort}",
 month = mar,
 year = 2014,
 url = {http://travelsort.com/blog/swiss-airlines-business-class-review-bangkok-zurich}
}

@article{armrest_controls2,
 title = {" Qantas A380 Business Class Review – Melbourne to Los Angeles"},
 journal = "{Hold the Peas}",
 month = mar,
 year = 2014,
 url = {http://www.holdthepeas.com/2012/09/11/qantas-a380-business-class-review-melbourne-to-los-angeles/}
}

@article{hinged,
 title = {" Qatar Airways Business Class QR638 : SIN – DPS"},
 journal = "{PigGeeksNET Travel Blog}",
 month = mar,
 year = 2014,
 url = {http://piggeeks.net/feng/index.php/qatar-airways-business-class-sin-dps-qr638-qr639/}
}

@article{TVremote,
 title = {" My 30 Favorite Things About Traveling Abroad"},
 journal = "{Inspiring Pretty}",
 month = mar,
 year = 2014,
 url = {http://inspiringpretty.com/2012/08/13/my-favorite-things-about-traveling-abroad/}
}

@article{touchscreen,
 title = {"Cathay Pacific premium economy class stretches out"},
 journal = "{CNN Travel}",
 month = mar,
 year = 2014,
 url = {http://travel.cnn.com/explorations/life/cathay-pacific-new-premium-economy-class-takes-843613}
}

@article{splitarmrest,
 title = {"BMW E90/E91 Split Armrests"},
 journal = "{ECS News}",
 month = mar,
 year = 2014,
 url = {http://www.ecstuning.com/News/BMW_E90E91_SplitArmrest/}
}


@article{lounger,
 title = {"Electric foot sofa armrest movable foot store room sofa foot sofa foot sofa"},
 journal = "{Taobao Shopping Agent}",
 month = mar,
 year = 2014,
 url = {http://www.taobaoshoppingagent.com/item/electric-foot-sofa-armrest-movable-foot-store-room-sofa-foot-sofa-foot-sofa-13675048643.html}
}


@article{dental,
 title = {"Backrests, Armrests, No Rests"},
 journal = "{Dentalaegis}",
 month = mar,
 year = 2014,
 url = {http://www.dentalaegis.com/id/2009/10/operator-stool-is-the-most-important-chair-in-the-treatment-room}
}

@article{frontarmrests,
 title = {"futuristic chair 3d model"},
 journal = "{TurboSquid}",
 month = mar,
 year = 2014,
 url = {http://www.turbosquid.com/3d-models/futuristic-chair-3d-model/602327}
}

@article{massage,
 title = {"Osaki OS 7075R"},
 journal = "{Osaki Massage Chair}",
 month = mar,
 year = 2014,
 url = {http://www.osakimassagechair.com/images/products/OS-7000/OS-7000_massage_chair_12.jpg}
}

@article{toilet,
 title = {"Mountway Solo Toilet Lift With Armrests"},
 journal = "{Healthcare.co}",
 month = mar,
 year = 2014,
 url = {http://www.healthcare.co.uk/around-the-home/toilet/mountway-solo-toilet-lift-with-armrests.html}
}

@misc{vetillard2008floor,
  title={Floor for aircraft},
  author={Vetillard, A. and Parro, E. and Leclerc, F.},
  url={https://www.google.com/patents/US7338013},
  year={2008},
  month=mar # "~4",
  publisher={Google Patents},
  note={US Patent 7,338,013}
}

@article{fmvs222,
 title = {"FMVS222; School Bus Passenger Seating and Crash Protection"},
 publisher = {" Federal Motor Carrier Safety Administration, Web"},
 month = mar,
 year = 2014
}

@article{ecfr,
 title = {"ECFR — Code of Federal Regulations"},
 publisher = "{ECFR — Code of Federal Regulations"},
 month = mar,
 year = 2014
}

@article{USU_survey,
 title = {"Intellectual Property Services"},
 publisher = {" Wheelchair Shipping Container. N"},
 month = mar,
 year = 2014
url = {http://ipso.usu.edu/htm/file14218/other-categories/wheelchair-shipping-container}
}

@misc{USU_patent,
  title={Cargo Shipping Container},
  author={Richins, G. and Clelland, S.},
  url={https://www.google.com/patents/US20090314673},
  year={2009},
  month=dec # "~24",
  publisher={Google Patents},
  note={US Patent App. 12/142,662}
}

@article{aislehumor,
 title = "Aisle Seat",
 publisher = " Aviation Humor. N",
url = {http://aviationhumor.net/aisle-seat/}
 month = mar,
 year = 2014
}

@article{accessiblelav,
url = {http://www.decoracaoeprojetos.com.br/projeto-de-banheiro-para-deficientes/}
}

@book{travel2012heard,
 author = "Mary Forgione | Los Angeles Times Daily Travel and Deal Blogger",
 title = ""Heard about {Airline} {Seats} {That} {Double} as {Toilets}? {Utter} {Loo}-nacy",
 publisher = "" Los Angeles Times",
 month = dec,
 month = mar,
 year = 2012
}

@misc{2014pn,
url = {http://pvamag.com/pn/article/4576/accessible/}
 title = ""PN Online",
 publisher = "" {PN} ",
 month = mar,
 year = 2014
}

@misc{arnold2000dual,
  title={Dual pivot expandable lavatory},
  author={Arnold, P.J. and Hanay, J.J. and LaConte, R.J. and Lewis, A.B. and Quan, W.C.},
  url={http://www.google.nl/patents/US6079669},
  year={2000},
  month=jun # "~27",
  publisher={Google Patents},
  note={US Patent 6,079,669}
}

@misc{grant2012aircraft,
  title={Aircraft lavatory for a person with reduced mobility},
  author={Grant, R. and Mathieu, M.},
  url={https://www.google.com/patents/US20120261509},
  year={2012},
  month=oct # "~18",
  publisher={Google Patents},
  note={US Patent App. 13/449,440}
}

